@online{juan,
  author = {Juan González Gómez},
  title = {Introducción a las tecnologías web},
  year = 2018,
  url = {https://github.com/myTeachingURJC/2018-19-CSAAI/wiki/Introducci%C3%B3n-a-las-tecnolog%C3%ADas-web},
  urldate = {2021-09-15}
}

@article{app,
    author = "Marcos Merino",
    title = "Seis aplicaciones gratuitas para aprender robótica y programación",
    journal = "Genbeta",
    year = "2020",
    url = {https://www.genbeta.com/desarrollo/seis-aplicaciones-gratuitas-para-aprender-robotica-programacion},
    urldate = {2021-09-15}
}

@online{robotics,
  author = {JdeRobot organization},
  title = {Robotics Academy},
  url = {http://jderobot.github.io/RoboticsAcademy/},
  urldate = {2021-09-27}
}